@book{rushton2017international,
  title     = {International logistics and supply chain outsourcing: from local to global},
  author    = {Rushton, Alan and Croucher, Phil and Baker, Peter},
  year      = {2007},
  publisher = {Kogan Page Publishers}
}

@article{bortfeldt2013container,
  title     = {Container loading problems: A state-of-the-art review},
  author    = {Bortfeldt, Andreas and W{\"a}scher, Gerhard},
  journal   = {European Journal of Operational Research},
  volume    = {237},
  number    = {2},
  pages     = {297--311},
  year      = {2013},
  publisher = {Elsevier}
}

@book{jao2010decision,
  title     = {Decision support systems},
  author    = {Jao, Chiang},
  year      = {2010},
  publisher = {BoD--Books on Demand}
}


@book{simchi2003logistics,
  title     = {The logic of logistics: Theory, algorithms, and applications for logistics management},
  author    = {Simchi-Levi, David and Chen, Xin and Bramel, Julien},
  year      = {2003},
  publisher = {Springer}
}

@book{christopher2016logistics,
  title     = {Logistics and Supply Chain Management: Logistics \& Supply Chain Management},
  author    = {Christopher, Martin},
  year      = {2016},
  publisher = {Pearson UK}
}

@book{slack2010operations,
  title     = {Operations management},
  author    = {Slack, Nigel and Chambers, Stuart and Johnston, Robert},
  year      = {2010},
  publisher = {Pearson education}
}

@article{murty2005decision,
  title     = {A decision support system for operations in a container terminal},
  author    = {Murty, Katta G and Liu, Jiyin and Wan, Yat-wah and Linn, Richard},
  journal   = {Decision support systems},
  volume    = {39},
  number    = {3},
  pages     = {309--332},
  year      = {2005},
  publisher = {Elsevier}
}

@article{gilmore1965multistage,
  title     = {Multistage cutting problems of two and more dimensions},
  author    = {Gilmore, Peter C. and Gomory, Ralph E.},
  journal   = {Operations Research},
  volume    = {13},
  number    = {1},
  pages     = {94--120},
  year      = {1965},
  publisher = {INFORMS}
}

@article{zhao2016comparative,
  title     = {A comparative review of 3D container loading algorithms},
  author    = {Zhao, Xiaozhou and Bennell, Julia A and Bekta{\c{s}}, Tolga and Dowsland, Kath},
  journal   = {International Transactions in Operational Research},
  volume    = {23},
  number    = {1-2},
  pages     = {287--320},
  year      = {2016},
  publisher = {Wiley Online Library}
}

@online{bastidas,
  author = {Bastidas, Edwin},
  title  = {Énfasis en logística y Cadena de Abastecimiento},
  year   = {s.f.},
  url    = {https://www.ingenieriaindustrialonline.com},
  note   = {Recuperado de Ingeniería Industrial Online}
}

@inproceedings{mitchell1995genetic,
  title        = {Genetic algorithms: An overview.},
  author       = {Mitchell, Melanie},
  booktitle    = {Complex.},
  volume       = {1},
  number       = {1},
  pages        = {31--39},
  year         = {1995},
  organization = {Citeseer}
}
@article{bortfeldt2001hybrid,
  title     = {A hybrid genetic algorithm for the container loading problem},
  author    = {Bortfeldt, Andreas and Gehring, Hermann},
  journal   = {European Journal of Operational Research},
  volume    = {131},
  number    = {1},
  pages     = {143--161},
  year      = {2001},
  publisher = {Elsevier}
}


@article{elmasri2021fundamentals,
  title  = {Fundamentals of database systems seventh edition},
  author = {Elmasri, Ramez},
  year   = {2021}
}

@book{michalewicz1996genetic,
  title     = {Genetic algorithms+ data structures= evolution programs},
  author    = {Michalewicz, Zbigniew},
  year      = {1996},
  publisher = {Springer Science \& Business Media}
}

@book{banks2005discrete,
  title     = {Discrete-event system simulation},
  author    = {Banks, Jerry and others},
  year      = {2005},
  publisher = {Pearson Prentice Hall}
}

@book{goldberg1989genetic,
  title     = {Genetic algorithms in search, optimization, and machine learning},
  author    = {Goldberg, David E},
  year      = {1989},
  publisher = {Addison-Wesley}
}
@online{shiny_intro,
  title  = {Shiny for Python: An Introduction},
  author = {Posit},
  year   = {2023},
  url    = {https://shiny.posit.co/py/docs/get-started.html}
}


@article{matplotlib,
  title     = {Matplotlib: A 2D Graphics Environment},
  author    = {Hunter, J.D.},
  journal   = {Computing in Science \& Engineering},
  volume    = {9},
  number    = {3},
  pages     = {90--95},
  year      = {2007},
  publisher = {IEEE}
}

@article{optimization,
  title     = {A Review on Optimization Techniques applied in Container Loading Problems},
  author    = {Wang, X. and Mason, S.J.},
  journal   = {Applied Soft Computing},
  volume    = {40},
  pages     = {218--228},
  year      = {2016},
  publisher = {Elsevier}
}

@article{genetic_algo,
  title     = {Genetic Algorithms for Optimizing Container Loading Problems},
  author    = {Pisinger, D.},
  journal   = {European Journal of Operational Research},
  volume    = {102},
  number    = {2},
  pages     = {199--215},
  year      = {1997},
  publisher = {Elsevier}
}

@online{shiny_monitoring,
  title  = {Real-time Monitoring in Shiny for Python},
  author = {Posit},
  year   = {2023},
  url    = {https://shiny.posit.co/py/docs/get-started.html}
}

@article{report_generation,
  title     = {Automated Report Generation: A Survey and a Look to the Future},
  author    = {Gershon, N. and Page, W.},
  journal   = {Journal of Visual Languages & Computing},
  volume    = {14},
  number    = {5},
  pages     = {419--443},
  year      = {2003},
  publisher = {Elsevier}
}

@article{manual_filling,
  title     = {Manual and Automated Systems for Container Loading},
  author    = {Bortfeldt, A. and Wäscher, G.},
  journal   = {European Journal of Operational Research},
  volume    = {131},
  number    = {2},
  pages     = {287--315},
  year      = {2001},
  publisher = {Elsevier}
}
@article{python-wikipedia,
  title   = {Python (programming language)},
  author  = {Wikipedia contributors},
  journal = {Wikipedia, The Free Encyclopedia},
  year    = {2024},
  url     = {https://en.wikipedia.org/wiki/Python_(programming_language)}
}

@book{genetic-algorithms-intro,
  title     = {Introduction to Genetic Algorithms},
  author    = {Mitchell, Melanie},
  year      = {1998},
  publisher = {MIT Press},
  address   = {Cambridge, MA},
  isbn      = {978-0-262-63185-3}
}

@book{matplotlib-intro,
  title     = {Matplotlib for Python Developers},
  author    = {Tosi, Sandro},
  year      = {2009},
  publisher = {Packt Publishing},
  address   = {Birmingham, UK},
  isbn      = {978-1-847194-90-7}
}

@misc{vscode-intro,
  title  = {Visual Studio Code Documentation},
  author = {Microsoft},
  year   = {2024},
  url    = {https://code.visualstudio.com/docs}
}

@article{newman2000success,
  title   = {Success and failure of decision support systems: Learning as we go},
  author  = {Newman, S and Lynch, T and Plummer, AA},
  journal = {Journal of Animal Science},
  volume  = {77},
  number  = {E-Suppl},
  pages   = {1--12},
  year    = {2000}
}